%% This BibTeX bibliography file was created using BibDesk.
%% http://bibdesk.sourceforge.net/


%% Created for Ricardo Andrade at 2012-05-24 00:36:30 -0300 


%% Saved with string encoding Unicode (UTF-8) 

@incollection {yew,
   author = {Yew, A. W. W. and Ong, S. K. and Nee, A. Y. C.},
   affiliation = {Department of Mechanical Engineering, Augmented Reality Lab, National University of Singapore, EA 02-08, Singapore, Singapore},
   title = {SmARt World - User-Friendly Mobile Ubiquitous Augmented Reality Framework},
   booktitle = {Recent Trends of Mobile Collaborative Augmented Reality Systems},
   editor = {Alem, Leila and Huang, Weidong},
   publisher = {Springer New York},
   isbn = {978-1-4419-9845-3},
   keyword = {Computer Science},
   pages = {39-51},
   url = {http://dx.doi.org/10.1007/978-1-4419-9845-3_3},
   note = {10.1007/978-1-4419-9845-3_3},
   year = {2011}
}

@inproceedings{rekimoto,
 author = {Rekimoto, Jun and Ayatsuka, Yuji},
 title = {CyberCode: designing augmented reality environments with visual tags},
 booktitle = {Proceedings of DARE 2000 on Designing augmented reality environments},
 series = {DARE '00},
 year = {2000},
 location = {Elsinore, Denmark},
 pages = {1--10},
 numpages = {10},
 url = {http://doi.acm.org/10.1145/354666.354667},
 doi = {10.1145/354666.354667},
 acmid = {354667},
 publisher = {ACM},
 address = {New York, NY, USA},
 keywords = {CyberCode, ID-aware interface, augmented reality, merging virtual and real},
} 

@INPROCEEDINGS{tsung,
	author={Tsung-Yu Liu and Yu-Ling Chu},
	booktitle={Systems, Man and Cybernetics, 2008. SMC 2008. IEEE International Conference on}, 
	title={Handheld augmented reality supported immersive ubiquitous learning system},
	year={2008},
	month={oct.},
	volume={},
	number={},
	pages={2454 -2458},
	keywords={English learning management system;Handheld English Language Learning Organization;handheld augmented reality;ubiquitous learning;augmented reality;computer aided instruction;natural languages;ubiquitous computing;},
	doi={10.1109/ICSMC.2008.4811663},
	ISSN={1062-922X},}

@inproceedings{barakonyi,
 author = {Barakonyi, Istvan and Schmalstieg, Dieter},
 title = {Ubiquitous animated agents for augmented reality},
 booktitle = {Proceedings of the 5th IEEE and ACM International Symposium on Mixed and Augmented Reality},
 series = {ISMAR '06},
 year = {2006},
 isbn = {1-4244-0650-1},
 pages = {145--154},
 numpages = {10},
 url = {http://dx.doi.org/10.1109/ISMAR.2006.297806},
 doi = {10.1109/ISMAR.2006.297806},
 acmid = {1514228},
 publisher = {IEEE Computer Society},
 address = {Washington, DC, USA},
} 

@article{henrysson, 
	volume={PhD}, 
	url={http://liu.diva-portal.org/smash/get/diva2:16967/FULLTEXT01}, 
	number={1145}, 
	journal={Science And Technology}, 
	publisher={Department of Science and Technology, Link√∂pings universitet}, 
	author={Henrysson, Anders}, 
	Title = {{Bringing Augmented Reality to Mobile Phones}},
	year={2007}}
	
@misc{droidar,
	Date-Added = {2012-05-24 03:23:10 +0000},
	Date-Modified = {2012-05-24 03:36:22 +0000},
	Howpublished = {http://code.google.com/p/droidar/},
	Lastchecked = {Acessado em Maio 2012},
	Title = {{DroidAR Augmented Reality Framework}},
	Url = {http://code.google.com/p/droidar/},
	Year = {2012}}
	
@misc{museum,
	Date-Added = {2012-05-24 03:23:10 +0000},
	Date-Modified = {2012-05-24 03:36:22 +0000},
	Howpublished = {http://www.britishmuseum.org/	},
	Lastchecked = {Acessado em Junho 2012},
	Title = {{The British Museum}},
	Url = {http://www.britishmuseum.org/},
	Year = {2012}}
	
@misc{zbar,
	Date-Added = {2012-05-24 03:23:10 +0000},
	Date-Modified = {2012-05-24 03:36:22 +0000},
	Howpublished = {http://zbar.sourceforge.net/},
	Lastchecked = {Acessado em Maio 2012},
	Title = {{ZBar}},
	Url = {http://zbar.sourceforge.net/},
	Year = {2012}}

@misc{zxing,
	Date-Added = {2012-05-24 03:23:10 +0000},
	Date-Modified = {2012-05-24 03:36:22 +0000},
	Howpublished = {http://code.google.com/p/zxing/},
	Lastchecked = {Acessado em Maio 2012},
	Title = {{ZXing}},
	Url = {http://code.google.com/p/zxing/},
	Year = {2012}}
 
@article{opencv,
	Author = {Bradski, G.},
	Citeulike-Article-Id = {2236121},
	Journal = {Dr. Dobb's Journal of Software Tools},
	Keywords = {bibtex-import},
	Posted-At = {2008-01-15 19:21:54},
	Priority = {4},
	Title = {{The OpenCV Library}},
	Year = {2000}}

@book{almeida,
	Address = {Departamento de Ci{\^e}ncias da Computa{\c c}{\~a}o, Universidade de Bras{\'\i}lia},
	Author = {Lucas A. Almeida},
	Date-Added = {2011-12-12 13:49:23 +0000},
	Date-Modified = {2012-05-11 22:23:31 +0000},
	Journal = {Monografia de Ci{\^e}ncia da Computa{\c c}{\~a}o},
	School = {Universidade de Bras{\'\i}lia},
	Title = {Aplica{\c c}{\~a}o {Hydra} para o middleware {uOS}},
	Year = {2011}}

@mastersthesis{passaro,
	Address = {Departamento de Ci{\^e}ncia da Computa{\c c}{\~a}o},
	Author = {Est{\^e}v{\~a}o L. N. Passarinho},
	Date-Added = {2011-12-12 13:44:01 +0000},
	Date-Modified = {2011-12-12 13:50:48 +0000},
	School = {Universidade de Bras{\'\i}lia},
	Title = {Uma Proposta de Arquitetura Microkernel na Camada de Comunica{\c c}{\~a}o de Dados do Middleware UbiquitOS para Computa{\c c}{\~a}o Ub{\'\i}qua},
	Year = {2008}}

@mastersthesis{enokiFreitas,
	Address = {Departamento de Ci{\^e}ncia da Computa{\c c}{\~a}o},
	Author = {Carolina R. Enoki and Marcelo B. Freitas},
	Date-Added = {2011-12-08 17:59:32 +0000},
	Date-Modified = {2011-12-08 18:01:31 +0000},
	School = {Universidade de Bras{\'\i}lia},
	Title = {Estudo comparativo entre xml e json para protocolos em ambientes de computa{\c c}{\~a}o ub{\'\i}qua.},
	Year = {2008}}

@mastersthesis{lins,
	Address = {Departamento de Ci{\^e}ncia da Computa{\c c}{\~a}o},
	Author = {Lucas C. A. Lins},
	Date-Added = {2011-12-08 17:57:13 +0000},
	Date-Modified = {2011-12-08 18:01:43 +0000},
	School = {Universidade de Bras{\'\i}lia},
	Title = {Fluxo de Dados Cont{\'\i}nuo no Middleware {uOS}},
	Year = {2009}}

@misc{android,
	Author = {Android},
	Howpublished = {\url{http://developer.android.com/}},
	Lastchecked = {20/11/2011},
	Title = {Android Developers},
	Url = {http://developer.android.com/},
	Bdsk-Url-1 = {http://developer.android.com/}}

@inproceedings{marlon,
	Address = {Rio de Janeiro},
	Author = {Marlon F. de Alcantara and Marcelo S. Hounsell and Alexandre G. Silva},
	Booktitle = {Applied Computing 2011},
	Date-Added = {2011-11-21 01:06:46 +0000},
	Date-Modified = {2011-11-21 01:11:25 +0000},
	Editor = {IADIS},
	Month = {November},
	Pages = {557 - 561},
	Title = {ALTERNATIVE POSITION, ORIENTATION AND DATA RECOGNITION ALGORITHMS FOR AUGMENTED REALITY MARKERS},
	Year = {2011}}

@mastersthesis{kler,
	Address = {Section Computational Science},
	Author = {Tijs D. Kle},
	Date-Added = {2011-11-13 16:15:04 +0000},
	Date-Modified = {2011-11-13 16:17:36 +0000},
	Month = {May},
	School = {University of Amsterdam},
	Title = {Integration of the artoolkitplus optical tracker into the personal space station},
	Year = {2007}}

@manual{artoolkit,
	Address = {University of Washington},
	Author = {Hirokazu Kato and Mark Billinghurst},
	Date-Added = {2011-11-12 14:04:27 +0000},
	Date-Modified = {2011-11-12 14:06:43 +0000},
	Edition = {2.33},
	Organization = {Human Interface Technology Lab},
	Rating = {0},
	Read = {0},
	Title = {ARToolkit User Manual},
	Year = {2000}}

@article{kato,
 author = {Kato, Hiroko and Tan, Keng T.},
 title = {Pervasive 2D Barcodes for Camera Phone Applications},
 journal = {IEEE Pervasive Computing},
 issue_date = {October 2007},
 volume = {6},
 number = {4},
 month = oct,
 year = {2007},
 issn = {1536-1268},
 pages = {76--85},
 numpages = {10},
 url = {http://dx.doi.org/10.1109/MPRV.2007.80},
 doi = {10.1109/MPRV.2007.80},
 acmid = {1308671},
 publisher = {IEEE Educational Activities Department},
 address = {Piscataway, NJ, USA},
 keywords = {interaction style, mobile applications, mobile applications, pervasive computing, user interface, interaction style, pervasive computing, user interface},
} 

@article{markWorld,
	Author = {Mark Weiser},
	Journal = {Interactions},
	Month = jan,
	Pages = {7--8},
	Title = {The world is not a desktop},
	Year = {1994}}

@article{markHotTopics,
	Address = {Los Alamitos, CA, USA},
	Author = {Mark Weiser},
	Doi = {http://doi.ieeecomputersociety.org/10.1109/2.237456},
	Issn = {0018-9162},
	Journal = {Computer},
	Pages = {71--72},
	Publisher = {IEEE Computer Society},
	Title = {Ubiquitous Computing},
	Volume = {26},
	Year = {1993},
	Bdsk-Url-1 = {http://doi.ieeecomputersociety.org/10.1109/2.237456}}

@inproceedings{fpga,
	Address = {Rio de Janeiro},
	Author = {Bernardo Reis and Jo{\~a}o Teixeira and Veronica Teichrieb and Judith Kelner},
	Booktitle = {Brazilian Symposium on Computer Graphics and Image Processing},
	Date-Modified = {2011-12-12 13:26:52 +0000},
	Publisher = {Anais do SIBGRAPI 2009},
	Title = {Detec{\c c}{\~a}o de Marcadores para Realidade Aumentada em {FPGA}},
	Year = {2009}}

@article{mark21Century,
	Author = {Mark Weiser},
	Journal = {Scientific American},
	Month = sep,
	Pages = {94--104},
	Title = {The Computer for the Twenty-First Century},
	Volume = {1},
	Year = {1991}}

@article{ubiSmartSpace,
	Author = {Gregory Abowd and Chris Atkeson and Irfan Essa},
	Journal = {A white paper submitted to DARPA (in response to RFI)},
	Title = {Ubiquitous smart spaces},
	Year = {1988}}

@article{paulDourish,
	Acmid = {970985},
	Address = {London, UK},
	Author = {Paul Dourish},
	Doi = {http://dx.doi.org/10.1007/s00779-003-0253-8},
	Issn = {1617-4909},
	Issue = {1},
	Journal = {Personal Ubiquitous Comput.},
	Keywords = {Context-aware computing, Ethnomethodology},
	Month = {February},
	Numpages = {12},
	Pages = {19--30},
	Publisher = {Springer-Verlag},
	Title = {What we talk about when we talk about context},
	Url = {http://dx.doi.org/10.1007/s00779-003-0253-8},
	Volume = {8},
	Year = {2004},
	Bdsk-Url-1 = {http://dx.doi.org/10.1007/s00779-003-0253-8}}

@article{rawesak,
	Address = {Georgia Institute of Technology},
	Author = {Rawesak Tanawongsuwan},
	Journal = {Human-Computer Interaction},
	Number = {6751},
	Title = {Ubiquitous Computing (UbiComp)},
	Url = {http://www.cc.gatech.edu/classes/cs6751_97_fall/projects/follow_me/exam/tee.html},
	Volume = {CS},
	Year = {1997},
	Bdsk-Url-1 = {http://www.cc.gatech.edu/classes/cs6751_97_fall/projects/follow_me/exam/tee.html}}

@article{forman,
	Acmid = {620018},
	Address = {Los Alamitos, CA, USA},
	Author = {George H. Forman and John Zahorjan},
	Doi = {10.1109/2.274999},
	Issn = {0018-9162},
	Issue = {4},
	Journal = {Computer},
	Month = {April},
	Numpages = {10},
	Pages = {38--47},
	Publisher = {IEEE Computer Society Press},
	Title = {The Challenges of Mobile Computing},
	Url = {http://dl.acm.org/citation.cfm?id=618987.620018},
	Volume = {27},
	Year = {1994},
	Bdsk-Url-1 = {http://dl.acm.org/citation.cfm?id=618987.620018},
	Bdsk-Url-2 = {http://dx.doi.org/10.1109/2.274999}}

@inbook{tobias,
	Address = {London, UK},
	Author = {Tobias H. H{\"o}llerer and Steven K. Feiner},
	Chapter = {9},
	Editor = {H. Karimi and A. Hammad},
	Publisher = {Taylor and Francis Books Ltd.},
	Title = {Mobile Augmented Reality},
	Volume = {Telegeoinformatics: Location-Based Computing and Services},
	Year = {2004}}

@mastersthesis{alegomes,
	Address = {http://monografias.cic.unb.br/dspace/handle/123456789/110},
	Author = {Alexandre R. Gomes},
	Date-Added = {2011-04-30 09:52:51 -0300},
	Date-Modified = {2011-06-13 14:36:07 -0300},
	Keywords = {computa\c{c}{\~a}o ub{\'\i}qua, computa\c{c}{\~a}o m{\'o}vel, arquitetura de software, adaptabilidade de servi\c{c}os},
	School = {Departamento de Ci{\^e}ncia da Computa\c{c}{\~a}o, Universidade de Bras{\'\i}lia},
	Title = {UbiquitOS -- Uma proposta de arquitetura de middleware para a adaptabilidade de servi\c{c}os em sistemas de computa\c{c}{\~a}o ub{\'\i}qua},
	Year = {2007}}

@mastersthesis{buzeto,
	Author = {Fabricio N. Buzeto},
	Date-Added = {2011-04-30 09:52:51 -0300},
	Date-Modified = {2011-11-21 20:16:39 +0000},
	Keywords = {Computa{\c c}{\~a}o Ub{\'\i}qua, Computa{\c c}{\~a}o M{\'o}vel, Middleware, SOA},
	School = {Departamento de Ci{\^e}ncia da Computa{\c c}{\~a}o, Universidade de Bras{\'\i}lia},
	Title = {Um conjunto de solu{\c c}{\~o}es para a constru{\c c}{\~a}o de aplicativos de computa{\c c}{\~a}o ub{\'\i}qua},
	Year = {2010}}
	
@article{buzeto_11,
  author    = {Fabricio N. Buzeto and
               Carlos B. de P. Filho and
               Carla D. Castanho and
               Ricardo P. Jacobi},
  title     = {DSOA: A Service Oriented Architecture for Ubiquitous Applications},
  journal   = {International Journal on Handheld Computing Research (IJHCR)},
  volume    = {2},
  number    = {2},
  year      = {2011},
  pages     = {47-64},
  ee        = {http://dx.doi.org/10.4018/jhcr.2011040104},
  bibsource = {DBLP, http://dblp.uni-trier.de}
}

@article{ronaldAzuma,
	Author = {Ronald T. Azuma},
	Journal = {Presence: Teleoperators and Virtual Environments},
	Month = aug,
	Number = {4},
	Pages = {355--385},
	Title = {A survey of augmented reality},
	Volume = {6},
	Year = {1997}}

@inbook{kernerTori,
	Author = {Claudio Kirner and Romero Tori},
	Booktitle = {Fundamentos e Tecnologia de Realidade Virtual e Aumentada},
	Chapter = {2},
	Pages = {22--34},
	Publisher = {SBC},
	Title = {Fundamentos de Realidade Aumentada},
	Year = {2006}}

@inproceedings{suthau,
	Author = {Tim Suthau and Marcus Vetter and Peter Hassenpflug and Hans-Peter Meinzer and Olaf Hellwich},
	Booktitle = {Medical Application in Liver Surgery, Technical University Berlin, Commission V, WG V/3},
	Date-Modified = {2011-11-13 16:20:56 +0000},
	Month = {sep},
	Posted-At = {2006-11-16 13:39:29},
	Priority = {2},
	Title = {A concept work for Augmented Reality visualisation based on a medical application in liver surgery},
	Year = {2002}}

@misc{arToolWorks,
	Author = {ARToolWorks},
	Howpublished = {\url{http://www.artoolworks.com/products/mobile/artoolkit-for-android/}},
	Lastchecked = {25/06/2011},
	Title = {ARToolKit for Android},
	Url = {http://www.artoolworks.com/products/mobile/artoolkit-for-android/},
	Bdsk-Url-1 = {http://www.artoolworks.com/products/mobile/artoolkit-for-android/}}
	
@misc{qrcodespec,
	Author = {L2 {-} The Campaign Technology People},
	Howpublished = {\url{http://www.l2soft.com/FUSE_T-QR_Codes.aspx}},
	Lastchecked = {25/06/2011},
	Title = {Quick Response ({QR}) Codes},
	Url = {http://www.l2soft.com/FUSE_T-QR_Codes.aspx},
	Bdsk-Url-1 = {http://www.l2soft.com/FUSE_T-QR_Codes.aspx}}

@article{ean13,
	Abstract = {In this paper, we propose a vision-based technique to locate and decode EAN-13 barcodes from images captured by digital cameras. The ultimate aim of our approach is to enable electronic devices with cameras such as mobile phones and Personal Digital Assistants (PDAs) to act as a barcode reader.},
	Added-At = {2007-08-18T13:22:24.000+0200},
	Author = {Chai, Douglas and Hock, Florian},
	Biburl = {http://www.bibsonomy.org/bibtex/21733a09f957e24a27f6e54a056edff2d/a_olympia},
	Citeulike-Article-Id = {1455860},
	Description = {citeulike},
	Interhash = {34f7c77f2676c9fc6e6674889c77510a},
	Intrahash = {1733a09f957e24a27f6e54a056edff2d},
	Journal = {Information, Communications and Signal Processing, 2005 Fifth International Conference on},
	Keywords = {barcodes cameras captured digital ean-13 images},
	Pages = {1595--1599},
	Priority = {2},
	Timestamp = {2007-08-18T13:22:24.000+0200},
	Title = {Locating and Decoding EAN-13 Barcodes from Images Captured by Digital Cameras},
	Url = {http://ieeexplore.ieee.org/xpls/abs_all.jsp?arnumber=1689328},
	Year = 2005,
	Bdsk-Url-1 = {http://ieeexplore.ieee.org/xpls/abs_all.jsp?arnumber=1689328}}

@article{swartz,
	Acmid = {78906},
	Address = {Los Alamitos, CA, USA},
	Author = {Swartz, Jerome and Wang, Ynjiun P.},
	Doi = {10.1109/2.55471},
	Issn = {0018-9162},
	Issue = {4},
	Journal = {Computer},
	Month = {April},
	Numpages = {13},
	Pages = {74--86},
	Publisher = {IEEE Computer Society Press},
	Title = {Fundamentals of Bar Code Information Theory},
	Url = {http://dl.acm.org/citation.cfm?id=78901.78906},
	Volume = {23},
	Year = {1990},
	Bdsk-Url-1 = {http://dl.acm.org/citation.cfm?id=78901.78906},
	Bdsk-Url-2 = {http://dx.doi.org/10.1109/2.55471}}

@inproceedings{gao,
	Acmid = {1683648},
	Address = {Washington, DC, USA},
	Author = {Gao, Jerry and Kulkarni, Vijay and Ranavat, Himanshu and Chang, Lee and Mei, Hsing},
	Booktitle = {Proceedings of the 2009 Third International Conference on Multimedia and Ubiquitous Engineering},
	Doi = {http://dx.doi.org/10.1109/MUE.2009.62},
	Isbn = {978-0-7695-3658-3},
	Keywords = {mobile payment, mobile payment system, mobile commerce, electronic commerce, 2D barcodes},
	Numpages = {10},
	Pages = {320--329},
	Publisher = {IEEE Computer Society},
	Series = {MUE '09},
	Title = {A 2D Barcode-Based Mobile Payment System},
	Url = {http://dx.doi.org/10.1109/MUE.2009.62},
	Year = {2009},
	Bdsk-Url-1 = {http://dx.doi.org/10.1109/MUE.2009.62}}

@inproceedings{kaufmann,
	Acmid = {1242086},
	Address = {New York, NY, USA},
	Author = {Kaufmann, Hannes and Schmalstieg, Dieter},
	Booktitle = {ACM SIGGRAPH 2002 conference abstracts and applications},
	Doi = {http://doi.acm.org/10.1145/1242073.1242086},
	Isbn = {1-58113-525-4},
	Keywords = {augmented reality, geometry education, mathematics education, spatial intelligence},
	Location = {San Antonio, Texas},
	Numpages = {5},
	Pages = {37--41},
	Publisher = {ACM},
	Series = {SIGGRAPH '02},
	Title = {Mathematics and geometry education with collaborative augmented reality},
	Url = {http://doi.acm.org/10.1145/1242073.1242086},
	Year = {2002},
	Bdsk-Url-1 = {http://doi.acm.org/10.1145/1242073.1242086}}

@article{markBillinghurst,
	Author = {Billinghurst, Mark},
	Journal = {New Horizons for Learning},
	Number = {1},
	Pages = {339--342},
	Publisher = {ACM},
	Title = {Augmented Reality in Education},
	Url = {http://wik.ed.uiuc.edu/index.php/Augmented_Reality_in_Education},
	Year = {2002},
	Bdsk-Url-1 = {http://wik.ed.uiuc.edu/index.php/Augmented_Reality_in_Education}}

@article{caudell,
	Author = {Caudell, T P and Mizell, D W},
	Journal = {Proceedings of the TwentyFifth Hawaii International Conference on System Sciences},
	Pages = {659--669 vol.2},
	Publisher = {Ieee},
	Title = {Augmented reality: an application of heads-up display technology to manual manufacturing processes},
	Url = {http://ieeexplore.ieee.org/lpdocs/epic03/wrapper.htm?arnumber=183317},
	Volume = {2},
	Year = {1992},
	Bdsk-Url-1 = {http://ieeexplore.ieee.org/lpdocs/epic03/wrapper.htm?arnumber=183317}}

@inproceedings{nilsson,
	Acmid = {1324915},
	Address = {New York, NY, USA},
	Author = {Nilsson, Susanna and Johansson, Bj\"{o}rn},
	Booktitle = {Proceedings of the 19th Australasian conference on Computer-Human Interaction: Entertaining User Interfaces},
	Doi = {http://doi.acm.org/10.1145/1324892.1324915},
	Isbn = {978-1-59593-872-5},
	Keywords = {augmented reality, cognitive systems engineeering, mixed reality, usability, user study},
	Location = {Adelaide, Australia},
	Numpages = {8},
	Pages = {123--130},
	Publisher = {ACM},
	Series = {OZCHI '07},
	Title = {Fun and usable: augmented reality instructions in a hospital setting},
	Url = {http://doi.acm.org/10.1145/1324892.1324915},
	Year = {2007},
	Bdsk-Url-1 = {http://doi.acm.org/10.1145/1324892.1324915}}

@article{milgram,
	Author = {Milgram, Paul and Takemura, Haruo and Utsumi, Akira and Kishino, Fumio},
	Journal = {Systems Research},
	Number = {Telemanipulator and Telepresence Technologies},
	Pages = {282--292},
	Publisher = {Citeseer},
	Title = {Augmented reality: A class of displays on the reality-virtuality continuum},
	Url = {http://citeseerx.ist.psu.edu/viewdoc/download?doi=10.1.1.83.6861&rep=rep1&type=pdf},
	Volume = {2351},
	Year = {1994},
	Bdsk-Url-1 = {http://citeseerx.ist.psu.edu/viewdoc/download?doi=10.1.1.83.6861&rep=rep1&type=pdf}}

@inproceedings{ko,
	Acmid = {2040457},
	Address = {Berlin, Heidelberg},
	Author = {Ko, Chih-Hsiang and Chang, Ting-Chia and Chen, Yung-Hsun and Hua, Li-Han},
	Booktitle = {Proceedings of the 6th international conference on E-learning and games, edutainment technologies},
	Isbn = {978-3-642-23455-2},
	Keywords = {ARToolKit, augmented reality, design education},
	Location = {Taipei, Taiwan},
	Numpages = {5},
	Pages = {20--24},
	Publisher = {Springer-Verlag},
	Series = {Edutainment'11},
	Title = {The application of augmented reality to design education},
	Url = {http://dl.acm.org/citation.cfm?id=2040452.2040457},
	Year = {2011},
	Bdsk-Url-1 = {http://dl.acm.org/citation.cfm?id=2040452.2040457}}
	
@conference{hannes,
	author = "Hannes Kaufmann and Karin Steinb{\"u}gl and D{\"u}nser, Andreas and Judith Gl{\"u}ck",
	booktitle = "7th Virtual Reality International Conference (VRIC - Laval Virtual 2005)",
	pages = "25-34",
	publisher = "Citeseer",
	title = "{I}mproving {S}patial {A}bilities by {G}eometry {E}ducation in {A}ugmented {R}eality-{A}pplication and {E}valuation {D}esign",
	url = "http://citeseerx.ist.psu.edu/viewdoc/summary?doi=10.1.1.72.6681",
	year = "2005",
}
	

@inproceedings{mariano,
	Acmid = {2040457},
	Address = {Berlin, Heidelberg},
	Author = {Mariano Alca{\~n}iz and Manuel Contero and David C. P{\'e}rez-L{\'o}pez and Mario Ortega},
	Isbn = {978-3-642-23455-2},
	Keywords = {ARToolKit, augmented reality, design education},
	Location = {Taipei, Taiwan},
	Numpages = {5},
	Pages = {247-256},
	Publisher = {Springer-Verlag},
	Series = {Edutainment'11},
	Title = {Augmented Reality Technology for Education},
	Url = {http://dl.acm.org/citation.cfm?id=2040452.2040457},
	Year = {2010},
	Bdsk-Url-1 = {http://dl.acm.org/citation.cfm?id=2040452.2040457}}

@inproceedings{artag,
	Acmid = {1069138},
	Address = {Washington, DC, USA},
	Author = {Fiala, Mark},
	Booktitle = {Proceedings of the 2005 IEEE Computer Society Conference on Computer Vision and Pattern Recognition (CVPR'05) - Volume 2 - Volume 02},
	Date-Modified = {2011-12-12 11:14:05 +0000},
	Doi = {http://dx.doi.org/10.1109/CVPR.2005.74},
	Isbn = {0-7695-2372-2},
	Numpages = {7},
	Pages = {590--596},
	Publisher = {IEEE Computer Society},
	Series = {CVPR '05},
	Title = {ARTag, a Fiducial Marker System Using Digital Techniques},
	Url = {http://dx.doi.org/10.1109/CVPR.2005.74},
	Volume = {2},
	Year = {2005},
	Bdsk-Url-1 = {http://dx.doi.org/10.1109/CVPR.2005.74}}

@article{hirzer,
	Author = {Hirzer, Martin},
	Journal = {Image Rochester NY},
	Title = {Marker Detection for Augmented Reality Applications},
	Url = {http://scholar.google.com/scholar?hl=en&btnG=Search&q=intitle:Marker+Detection+for+Augmented+Reality+Applications#9},
	Year = {2008},
	Bdsk-Url-1 = {http://scholar.google.com/scholar?hl=en&btnG=Search&q=intitle:Marker+Detection+for+Augmented+Reality+Applications#9}}

@inproceedings{umar,
	Acmid = {1052387},
	Address = {New York, NY, USA},
	Author = {Henrysson, Anders and Ollila, Mark},
	Booktitle = {Proceedings of the 3rd international conference on Mobile and ubiquitous multimedia},
	Doi = {http://doi.acm.org/10.1145/1052380.1052387},
	Isbn = {1-58113-981-0},
	Keywords = {augmented reality, pervasive computing},
	Location = {College Park, Maryland},
	Numpages = {5},
	Pages = {41--45},
	Publisher = {ACM},
	Series = {MUM '04},
	Title = {UMAR: Ubiquitous Mobile Augmented Reality},
	Url = {http://doi.acm.org/10.1145/1052380.1052387},
	Year = {2004},
	Bdsk-Url-1 = {http://doi.acm.org/10.1145/1052380.1052387}}
